<record><leader>00000cas a2200000 i 4500</leader><controlfield tag="001">828615443</controlfield><controlfield tag="006">m     o  d        </controlfield><controlfield tag="007">cr |||||||||||</controlfield><controlfield tag="008">130227d18761909mouwr ne      0   a0eng  </controlfield><datafield ind1=" " ind2=" " tag="010"><subfield code="a">  2013218590</subfield></datafield><datafield ind1=" " ind2=" " tag="040"><subfield code="a">DLC</subfield><subfield code="b">eng</subfield><subfield code="e">rda</subfield><subfield code="c">DLC</subfield><subfield code="d">DLC</subfield><subfield code="d">OCLCQ</subfield><subfield code="d">DLC</subfield><subfield code="d">OCLCQ</subfield><subfield code="d">OCLCF</subfield></datafield><datafield ind1="0" ind2=" " tag="022"><subfield code="a">2326-9278</subfield><subfield code="2">1</subfield></datafield><datafield ind1=" " ind2=" " tag="042"><subfield code="a">pcc</subfield><subfield code="a">nsdp</subfield></datafield><datafield ind1=" " ind2=" " tag="043"><subfield code="a">n-us-mo</subfield></datafield><datafield ind1="1" ind2="0" tag="050"><subfield code="a">ISSN RECORD</subfield></datafield><datafield ind1="0" ind2="0" tag="082"><subfield code="a">071</subfield><subfield code="2">23</subfield></datafield><datafield ind1="0" ind2=" " tag="130"><subfield code="a">Cape Girardeau Democrat (Online)</subfield></datafield><datafield ind1=" " ind2="4" tag="222"><subfield code="a">The Cape Girardeau Democrat</subfield><subfield code="b">(Online)</subfield></datafield><datafield ind1="1" ind2="4" tag="245"><subfield code="a">The Cape Girardeau Democrat.</subfield></datafield><datafield ind1=" " ind2="1" tag="264"><subfield code="a">Cape Girardeau, Missouri :</subfield><subfield code="b">The Democrat Company</subfield></datafield><datafield ind1=" " ind2=" " tag="310"><subfield code="a">Weekly</subfield></datafield><datafield ind1=" " ind2=" " tag="336"><subfield code="a">text</subfield><subfield code="b">txt</subfield><subfield code="2">rdacontent</subfield></datafield><datafield ind1=" " ind2=" " tag="337"><subfield code="a">computer</subfield><subfield code="b">c</subfield><subfield code="2">rdamedia</subfield></datafield><datafield ind1=" " ind2=" " tag="338"><subfield code="a">online resource</subfield><subfield code="b">cr</subfield><subfield code="2">rdacarrier</subfield></datafield><datafield ind1="1" ind2=" " tag="362"><subfield code="a">Began July 1, 1876? Ceased in 1909.</subfield><subfield code="z">Cf. Ayer.</subfield></datafield><datafield ind1=" " ind2=" " tag="530"><subfield code="a">Also issued in print.</subfield></datafield><datafield ind1=" " ind2=" " tag="580"><subfield code="a">Daily ed.: Daily Democrat (Cape Girardeau, Mo.), 1889-1909?</subfield></datafield><datafield ind1=" " ind2=" " tag="588"><subfield code="a">Description based on: Vol. XV, no. 30 (January 3, 1891); title from masthead (Chroniclingamerica.loc.gov, viewed Feb. 27, 2013).</subfield></datafield><datafield ind1=" " ind2=" " tag="588"><subfield code="a">Latest issue consulted: Vol. XXV, no. 38 (January 5, 1900 [i.e. 1901]) (Chroniclingamerica.loc.gov, viewed Feb. 27, 2013).</subfield></datafield><datafield ind1=" " ind2="0" tag="651"><subfield code="a">Cape Girardeau (Mo.)</subfield><subfield code="v">Newspapers.</subfield></datafield><datafield ind1=" " ind2="0" tag="651"><subfield code="a">Cape Girardeau County (Mo.)</subfield><subfield code="v">Newspapers.</subfield></datafield><datafield ind1=" " ind2="7" tag="655"><subfield code="a">Newspapers.</subfield><subfield code="2">fast</subfield><subfield code="0">(OCoLC)fst01423814</subfield></datafield><datafield ind1=" " ind2="7" tag="651"><subfield code="a">Missouri</subfield><subfield code="z">Cape Girardeau.</subfield><subfield code="2">fast</subfield><subfield code="0">(OCoLC)fst01228061</subfield></datafield><datafield ind1=" " ind2="7" tag="651"><subfield code="a">Missouri</subfield><subfield code="z">Cape Girardeau County.</subfield><subfield code="2">fast</subfield><subfield code="0">(OCoLC)fst01217421</subfield></datafield><datafield ind1=" " ind2=" " tag="752"><subfield code="a">United States</subfield><subfield code="b">Missouri</subfield><subfield code="c">Cape Girardeau</subfield><subfield code="d">Cape Girardeau.</subfield></datafield><datafield ind1="1" ind2=" " tag="775"><subfield code="t">Daily Democrat (Cape Girardeau, Mo. : Online)</subfield></datafield><datafield ind1="1" ind2=" " tag="776"><subfield code="t">Cape Girardeau Democrat</subfield><subfield code="x">2326-926X</subfield><subfield code="w">(DLC)sn 89066818</subfield><subfield code="w">(OCoLC)19993310</subfield></datafield><datafield ind1="4" ind2="1" tag="856"><subfield code="u">http://www.loc.gov/chroniclingamerica/lccn/sn89066818/issues</subfield></datafield></record>